% This file was created with Citavi 6.2.0.12

@book{.,
 title = {wksb}
}


@book{.2015,
 year = {2015},
 title = {Deutsche Wohngeb{\"a}udetypologie: Beispielhafte Ma{\ss}nahmen zur Verbesserung der Energieeffizienz von typischen Wohngeb{\"a}uden},
 address = {Darmstadt},
 edition = {Neue Ausg},
 publisher = {{Wohnen und Umwelt}},
 isbn = {978-3-941140-47-9}
}


@article{Allard.2018,
 author = {Allard, Ingrid and Olofsson, Thomas and Nair, Gireesh},
 year = {2018},
 title = {Energy evaluation of residential buildings: Performance gap analysis incorporating uncertainties in the evaluation methods},
 pages = {725--737},
 volume = {11},
 number = {4},
 issn = {1996-3599},
 journal = {Building Simulation},
 doi = {10.1007/s12273-018-0439-7}
}


@article{Asdrubali.2015,
 abstract = {Nowadays the increasing trend to make buildings more and more energetically efficient leads to an improvement of the  thermal  performance  of  the  elements  such us walls,  windows  and  doors,  making  the envelope a strong barrier between the indoor and outdoor environment, also for air infiltrations. If this circumstance results useful for energy consumption reduction, it constitutes a problem for  indoor air quality and comfort. Mechanical ventilation systems are often provided, and, at the aim of abating the thermal (or cooling) loads linked to the inlet of air from the external environment, heat recovery systems became more and more popular; for high values of air mass flow treated, many national regulations make the installation of heat recovery systems compulsory. An experimental test bench was built at the Thermal Engineering Laboratory of the University of Perugia, aimed at evaluating  the  performance  of  air  heat  recovery devices. The first  measurements were carried out on a commercial  plate-type heat exchanger, made of polystyrene.  This plastic material  is characterized  by  a  low  value  of  thermal  conductivity,  but  its  easiness of  workability  allows  to  increase  the  heat  exchange  surface, overcoming also  issues  linked to the weight and the cost of the product.  The flowrates, the pressure drops, and all temperatures of interest for the heat exchanger were acquired. The energy efficiency  index  of  the  heat  recovery  system was  assessed  with  several  tests  conducted  with  different  boundary  conditions of the indoor and outdoor ambient, as well as different air flow rates. Results  were  compared  with  data  gathered  from  the manufacturer, highlighting  the  points  of  contact  and  the  differences between the experimental outcomes and the company information sheet, providing further details that are commonly not available.},
 author = {Asdrubali, Francesco and Baldinelli, Giorgio and Bianchi, Francesco and Cornicchia, Matteo},
 year = {2015},
 title = {Experimental Performance Analyses of a Heat Recovery System for Mechanical Ventilation in Buildings},
 keywords = {efficiency;mechanical ventilation;test bench setup},
 pages = {465--471},
 volume = {82},
 issn = {18766102},
 journal = {Energy Procedia},
 doi = {10.1016/j.egypro.2015.11.845}
}


@article{Awbi.2017,
 abstract = {Energy Procedia, 112 (2017) 277-286. doi:10.1016/j.egypro.2017.03.1098},
 author = {Awbi, Hazim B.},
 year = {2017},
 title = {Ventilation for Good Indoor Air Quality and Energy Efficiency},
 keywords = {indoor air quality;room air distribution;ventilation system},
 pages = {277--286},
 volume = {112},
 issn = {18766102},
 journal = {Energy Procedia},
 doi = {10.1016/j.egypro.2017.03.1098}
}


@article{Ballarini.2014,
 abstract = {Energy Policy, 68 + (2014) 273-284. doi:10.1016/j.enpol.2014.01.027},
 author = {Ballarini, Ilaria and Corgnati, Stefano Paolo and Corrado, Vincenzo},
 year = {2014},
 title = {Use of reference buildings to assess the energy saving potentials of the residential building stock: The experience of TABULA project},
 keywords = {energy saving;reference building;residential building stock},
 pages = {273--284},
 volume = {68},
 issn = {03014215},
 journal = {Energy Policy},
 doi = {10.1016/j.enpol.2014.01.027}
}


@article{Baranova.2017,
 author = {Baranova, Daria and Sovetnikov, Daniil and Semashkina, Daria and Borodinecs, Anatolijs},
 year = {2017},
 title = {Correlation of energy efficiency and thermal comfort depending on the ventilation strategy},
 keywords = {building energy simulation;energy saving;IDA-ICE;thermal comfort;ventilation system},
 pages = {503--510},
 volume = {205},
 issn = {18777058},
 journal = {Procedia Engineering},
 doi = {10.1016/j.proeng.2017.10.403}
}


@book{Bauer.2013,
 year = {2013},
 title = {Green Building},
 address = {Berlin, Heidelberg},
 publisher = {{Springer Berlin Heidelberg}},
 isbn = {978-3-642-38296-3},
 editor = {Bauer, Michael and M{\"o}sle, Peter and Schwarz, Michael},
 doi = {10.1007/978-3-642-38297-0}
}


@incollection{Bauer.2013b,
 author = {Bauer, Michael and M{\"o}sle, Peter and Schwarz, Michael},
 title = {Konzeption, Bau und Betriebsoptimierung von Green Buildings},
 pages = {64--143},
 publisher = {{Springer Berlin Heidelberg}},
 isbn = {978-3-642-38296-3},
 editor = {Bauer, Michael and M{\"o}sle, Peter and Schwarz, Michael},
 booktitle = {Green Building},
 year = {2013},
 address = {Berlin, Heidelberg},
 doi = {10.1007/978-3-642-38297-0{\textunderscore }3}
}


@misc{Bigalke.2016,
 author = {Bigalke, Uwe and Armbruster, Aline and Lukas, Franziska and Krieger, Oliver and Schuch, Cornelia and Kunde, Jan},
 date = {2016},
 title = {dena-Geb{\"a}udereport 2016: Statistiken und Analysen zur Energieeffizienz im Geb{\"a}udebestand},
 url = {www.dena.de},
 editor = {{Deutsche Energie-Agentur GmbH}},
 institution = {{Deutsche Energie-Agentur GmbH}}
}


@incollection{Bohne.2019,
 author = {Bohne, Dirk},
 title = {Raumlufttechnik},
 keywords = {decentralized ventilation;heat recovery;mechanical ventilation;natural ventilation;window ventilation},
 pages = {337--431},
 publisher = {{Springer Vieweg}},
 isbn = {978-3-658-21436-4},
 editor = {Bohne, Dirk},
 booktitle = {Technischer Ausbau von Geb{\"a}uden: Und nachhaltige Geb{\"a}udetechnik},
 year = {2019},
 address = {Wiesbaden}
}


@book{Bohne.2019b,
 abstract = {Grundlagen -- Sanit{\"a}rr{\"a}ume -- Abwasser- und Wassertechnik -- W{\"a}rme- und K{\"a}lteversorgungsanlagen -- Raumlufttechnik -- Elektrotechnik -- F{\"o}rderanlagen -- Energiekonzepte

Auf dem neuesten Stand der Technik pr{\"a}sentiert sich das vollst{\"a}ndig {\"u}berarbeitete Grundlagenwerk. In dem neuen Kapitel {\glq}qEnergiekonzepte{\grq}q werden die zahlreichen Erl{\"a}uterungen zu nachhaltigen Geb{\"a}udesystemen zusammengef{\"u}hrt. Die Fachinhalte sind entsprechend den f{\"u}r Architekten und Bauingenieuren relevanten Sachverhalten und Zusammenh{\"a}ngen komprimiert. Der umfangreiche Abbildungsteil mit detaillierten Zeichnungen zur bildhaften Kommentierung des Textes wurden {\"u}berarbeitet und aktualisiert. Der {\glq}qBohne{\grq}q bleibt somit weiterhin ein unverzichtbares Grundlagenwerk, um beim Technischen Ausbau mit der dynamischen technologischen Entwicklung, den steigenden Komfortanspr{\"u}chen und den Erfordernissen an einen wirtschaftlichen und umweltfreundlichen Umgang mit Energie Schritt zu halten. Der Inhalt Grundlagen - Sanit{\"a}rr{\"a}ume - Abwasser- und Wassertechnik - W{\"a}rme- und K{\"a}lteversorgungsanlagen - Raumlufttechnik - Elektrotechnik - F{\"o}rderanlagen - Energiekonzepte Die Zielgruppe Architekten und Bauingenieure in Studium und Praxis Der Autor Univ.-Prof. Dr.-Ing. Dirk Bohne lehrt an der Leibniz Universit{\"a}t Hannover Geb{\"a}udetechnik und ist Gesellschafter von Ingenieurgesellschaften f{\"u}r Technische Geb{\"a}udeausr{\"u}stung in D{\"u}sseldorf, Siegen und Berlin},
 year = {2019},
 title = {Technischer Ausbau von Geb{\"a}uden: Und nachhaltige Geb{\"a}udetechnik},
 url = {https://doi.org/10.1007/978-3-658-21437-1},
 address = {Wiesbaden},
 edition = {11., aktualisierte Auflage},
 publisher = {{Springer Vieweg}},
 isbn = {978-3-658-21436-4},
 editor = {Bohne, Dirk}
}


@book{Born.2012,
 author = {Born, Rolf and Gro{\ss}klos, Marc},
 year = {2012},
 title = {Kontrollierte Wohnungsl{\"u}ftung: Wissenswertes {\"u}ber Abluftanlagen und Anlagen mit W{\"a}rmer{\"u}ckgewinnung},
 address = {Wiesbaden},
 edition = {Ausgabe: 05/2008, {\"U}berarb.: 11/2012},
 volume = {09},
 publisher = {{Hessisches Ministerium f{\"u}r Umwelt, Energie, Landwirtschaft und Verbraucherschutz}},
 isbn = {978-3-89274-305-7},
 series = {Energiesparinformationen}
}


@misc{Bundesregierung.1977,
 author = {Bundesregierung},
 title = {1. Verordnung {\"u}ber einen energiesparenden W{\"a}rmeschutz bei Geb{\"a}uden: 1. WschV},
 year = {1977},
 url = {https://de.wikipedia.org/wiki/W%C3%A4rmeschutzverordnung},
 urldate = {14.05.2019}
}


@book{Cali.2016,
 abstract = {field tests show discrepancy between expected and meaured energy consumption; modelling of impact of occupants' behavior on the energy performance of buildings with a particular focus on natural evaluation; heating consumption via EnEV; dynamic simulation},
 author = {Cal{\`i}, Davide},
 year = {2016},
 title = {Occupants' behavior and its impact upon the energy performance of buildings: = Auswirkung des Nutzerverhaltens auf die Energieeffizienz von Geb{\"a}uden},
 keywords = {building renovation;energy efficiency;energy performance;heating energy consumption;occupants' behavior;rebound effect;window ventilation},
 address = {Aachen},
 edition = {1. Auflage},
 volume = {Band 38 : EBC, Energy efficient buildings and indoor climate},
 publisher = {{E.ON Energy Research Center, RWTH Aachen University}},
 isbn = {3942789361},
 series = {E.On Energy Research Center}
}


@misc{Diefenbach.12.11.2007,
 author = {Diefenbach, Nikolaus and Born, Rolf},
 date = {12.11.2007},
 title = {Basisdaten f{\"u}r Hochrechnungen mit der Deutschen Geb{\"a}udetypologie des IWU},
 editor = {{Institut Wohnen und Umwelt GmbH}},
 institution = {{Institut Wohnen und Umwelt GmbH}}
}


@book{Diefenbach.2010,
 author = {Diefenbach, Nikolaus},
 year = {2010},
 title = {Datenbasis Geb{\"a}udebestand: Datenerhebung zur energetischen Qualit{\"a}t und zu den Modernisierungstrends im deutschen Wohngeb{\"a}udebestand},
 address = {Darmstadt},
 edition = {1. Aufl.},
 publisher = {{Inst. Wohnen und Umwelt GmbH}},
 isbn = {978-3-941140-16-5}
}


@book{Diekmann.2014,
 year = {2014},
 title = {Energie},
 address = {Wiesbaden},
 publisher = {{Springer Fachmedien Wiesbaden}},
 isbn = {978-3-658-00500-9},
 editor = {Diekmann, Bernd and Rosenthal, Eberhard},
 doi = {10.1007/978-3-658-00501-6}
}


@incollection{Diekmann.2014b,
 author = {Diekmann, Bernd and Rosenthal, Eberhard},
 title = {Geb{\"a}ude},
 keywords = {efficiency;heat recovery;mechanical ventilation;natural ventilation},
 pages = {339--376},
 publisher = {{Springer Fachmedien Wiesbaden}},
 isbn = {978-3-658-00500-9},
 editor = {Diekmann, Bernd and Rosenthal, Eberhard},
 booktitle = {Energie},
 year = {2014},
 address = {Wiesbaden},
 doi = {10.1007/978-3-658-00501-6{\textunderscore }9}
}


@article{EickeHenning.2011,
 author = {Eicke-Henning, Werner},
 year = {2011},
 title = {Kleine Geschichte der D{\"a}mmstoffe: {\textquotedbl}Erster Teil{\textquotedbl}},
 pages = {6--27},
 volume = {2011},
 number = {65},
 journal = {wksb}
}


@article{EickeHenning.2011b,
 author = {Eicke-Henning, Werner},
 year = {2011},
 title = {Kleine Geschichte der D{\"a}mmstoffe: {\textquotedbl}Zweiter~Teil{\textquotedbl}},
 pages = {6--34},
 volume = {2011},
 number = {66},
 journal = {wksb}
}


@article{Fabi.2013,
 author = {Fabi, Valentina and Andersen, Rune Vinther and Corgnati, Stefano P. and Olesen, Bjarne W.},
 year = {2013},
 title = {A methodology for modelling energy-related human behaviour: Application to window opening behaviour in residential buildings},
 pages = {415--427},
 volume = {6},
 number = {4},
 issn = {1996-3599},
 journal = {Building Simulation},
 doi = {10.1007/s12273-013-0119-6}
}


@book{Fitzner.2012,
 author = {Fitzner, Klaus and Finke, Ulrich},
 year = {2012},
 title = {L{\"u}ftungsregeln f{\"u}r freie L{\"u}ftung: Projekt F 2072},
 keywords = {CO2 concentration;continous ventilation;pivot-hung window;Sto{\ss}l{\"u}ftung;thermal comfort;window ventilation},
 address = {Dortmund [u.a.] and Dortmund [u.a.]},
 publisher = {BAuA},
 isbn = {3882611057},
 series = {Forschung}
}


@incollection{Fitzner.2013,
 author = {Fitzner, Klaus},
 title = {C. Durchstr{\"o}mung von Geb{\"a}uden},
 keywords = {natural ventilation;pivot-hung window;ventilation system;window ventilation},
 pages = {27--64},
 publisher = {{Springer Berlin Heidelberg}},
 isbn = {978-3-540-57181-0},
 editor = {Fitzner, Klaus},
 booktitle = {Raumklimatechnik},
 year = {2013},
 address = {Berlin, Heidelberg},
 doi = {10.1007/978-3-540-68213-4{\textunderscore }3}
}


@book{Fitzner.2013b,
 year = {2013},
 title = {Raumklimatechnik},
 address = {Berlin, Heidelberg},
 publisher = {{Springer Berlin Heidelberg}},
 isbn = {978-3-540-57181-0},
 editor = {Fitzner, Klaus},
 doi = {10.1007/978-3-540-68213-4}
}


@book{Franzke.2003,
 author = {Franzke, Uwe and Heidenreich, Ralf and Ehle, Angelika and Ziller, Falko},
 year = {2003},
 title = {Wirtschaftlichkeit der dezentralen Klimatisierung im Vergleich zu zentralen RLT-Anlagen},
 address = {Dresden},
 institution = {{Institut f{\"u}r Luft- und K{\"a}ltetechnik}}
}


@book{Friedrichsen.2018,
 year = {2018},
 title = {Nachhaltiges Planen, Bauen und Wohnen},
 address = {Berlin, Heidelberg},
 publisher = {{Springer Berlin Heidelberg}},
 isbn = {978-3-662-56552-0},
 editor = {Friedrichsen, Stefanie},
 doi = {10.1007/978-3-662-56553-7}
}


@incollection{Friedrichsen.2018b,
 author = {Friedrichsen, Stefanie},
 title = {{\"O}kologische Qualit{\"a}t},
 keywords = {fan power;heat recovery;mechanical ventilation;ventilation system},
 pages = {93--180},
 volume = {39},
 publisher = {{Springer Berlin Heidelberg}},
 isbn = {978-3-662-56552-0},
 editor = {Friedrichsen, Stefanie},
 booktitle = {Nachhaltiges Planen, Bauen und Wohnen},
 year = {2018},
 address = {Berlin, Heidelberg},
 doi = {10.1007/978-3-662-56553-7{\textunderscore }5}
}


@book{Grote.2014,
 year = {2014},
 title = {Dubbel},
 address = {Berlin, Heidelberg},
 publisher = {{Springer Berlin Heidelberg}},
 isbn = {978-3-642-38890-3},
 editor = {Grote, Karl-Heinrich and Feldhusen, J{\"o}rg},
 doi = {10.1007/978-3-642-38891-0}
}


@book{Grotschel.2009,
 year = {2009},
 title = {Produktionsfaktor Mathematik},
 address = {Berlin, Heidelberg},
 publisher = {{Springer Berlin Heidelberg}},
 isbn = {978-3-540-89434-6},
 editor = {Gr{\"o}tschel, Martin and Lucas, Klaus and Mehrmann, Volker},
 doi = {10.1007/978-3-540-89435-3}
}


@book{Hall.2004,
 abstract = {calculation of volume flow of air through windows},
 author = {Hall, Monika},
 year = {2004},
 title = {Untersuchungen zum thermisch induzierten Luftwechselpotential von Kippfenstern},
 keywords = {natural ventilation;window ventilation},
 address = {Kassel},
 publisher = {{Universit{\"a}t Kassel}}
}


@book{Haupl.2017,
 year = {2017},
 title = {Lehrbuch der Bauphysik},
 address = {Wiesbaden},
 publisher = {{Springer Fachmedien Wiesbaden}},
 isbn = {978-3-658-16073-9},
 editor = {H{\"a}upl, Peter and H{\"o}fker, Gerrit and Homann, Martin and K{\"o}lzow, Christian and Maas, Anton and Nocke, Christian and Riese, Olaf and Willems, Wolfgang M.},
 doi = {10.1007/978-3-658-16074-6}
}


@book{Heidemann.2014,
 year = {2014},
 title = {Integrale Planung der Geb{\"a}udetechnik},
 address = {Berlin, Heidelberg},
 publisher = {{Springer Berlin Heidelberg}},
 isbn = {978-3-662-44747-5},
 editor = {Heidemann, Achim and Kistemann, Thomas and Stolbrink, Marc and Kasperkowiak, Frank and Heikrodt, Klaus},
 doi = {10.1007/978-3-662-44748-2}
}


@incollection{Heikrodt.2014,
 author = {Heikrodt, Klaus},
 title = {EnEV 2014},
 keywords = {building laws;EEG;EEW{\"a}rmeG;EnEG;EnEV;Technische Regeln},
 pages = {265--395},
 publisher = {{Springer Berlin Heidelberg}},
 isbn = {978-3-662-44747-5},
 editor = {Heidemann, Achim and Kistemann, Thomas and Stolbrink, Marc and Kasperkowiak, Frank and Heikrodt, Klaus},
 booktitle = {Integrale Planung der Geb{\"a}udetechnik},
 year = {2014},
 address = {Berlin, Heidelberg},
 doi = {10.1007/978-3-662-44748-2{\textunderscore }5}
}


@book{Hinz.10.08.2015,
 author = {Hinz, Eberhard},
 year = {10.08.2015},
 title = {Kosten energierelevanter Bau- und Anlagenteile bei der energetischen Modernisierung von Altbauten: Endbericht},
 keywords = {building renovation;building ventilation;costs for ventilation systems;decentralized ventilation;Energie{\"o}konomik;heat recovery;operating energy cost},
 address = {Darmstadt},
 edition = {1. Auflage},
 publisher = {{Institut Wohnen und Umwelt}},
 isbn = {978-3-941140-50-9}
}


@article{Kamendere.2015,
 abstract = {Energy Procedia, 72 (2015) 27-33. doi:10.1016/j.egypro.2015.06.005},
 author = {Kamendere, Edite and Zogla, Gatis and Kamenders, Agris and Ikaunieks, Janis and Rochas, Claudio},
 year = {2015},
 title = {Analysis of Mechanical Ventilation System with Heat Recovery in Renovated Apartment Buildings},
 keywords = {building renovation;energy efficiency;heat recovery;mechanical ventilation},
 pages = {27--33},
 volume = {72},
 issn = {18766102},
 journal = {Energy Procedia},
 doi = {10.1016/j.egypro.2015.06.005}
}


@article{Kim.2016,
 abstract = {Energy {\&} Buildings, 111 (2016) 424-433. doi:10.1016/j.enbuild.2015.11.044},
 author = {Kim, Moon Keun and Baldini, Luca},
 year = {2016},
 title = {Energy analysis of a decentralized ventilation system compared with centralized ventilation systems in European climates: Based on review of analyses},
 keywords = {decentralized ventilation;energy analysis;European climates;hybrid ventilation;natural ventilation},
 pages = {424--433},
 volume = {111},
 issn = {03787788},
 journal = {Energy and Buildings},
 doi = {10.1016/j.enbuild.2015.11.044}
}


@article{Kowener.2012,
 author = {K{\"o}wener, Dirk and Mai, Michael and Ernst, Carsten and Kubin, Kirsten and Feihl, Michael},
 year = {2012},
 title = {Investitionsberechnungshilfen und deren Gesamtoberfl{\"a}che: Vereinfachung der Initialberatung},
 pages = {55--59},
 volume = {20},
 number = {1},
 issn = {0943-3481},
 journal = {uwf UmweltWirtschaftsForum},
 doi = {10.1007/s00550-012-0246-z}
}


@book{Laasch.2013,
 year = {2013},
 title = {Haustechnik},
 address = {Wiesbaden},
 publisher = {{Springer Fachmedien Wiesbaden}},
 isbn = {978-3-8348-1260-5},
 editor = {Laasch, Thomas and Laasch, Erhard},
 doi = {10.1007/978-3-8348-9900-2}
}


@incollection{Laasch.2013b,
 author = {Laasch, Thomas and Laasch, Erhard},
 title = {L{\"u}ftungsanlagen},
 keywords = {heat recovery;natural ventilation;ventilation system;window ventilation},
 pages = {757--808},
 publisher = {{Springer Fachmedien Wiesbaden}},
 isbn = {978-3-8348-1260-5},
 editor = {Laasch, Thomas and Laasch, Erhard},
 booktitle = {Haustechnik},
 year = {2013},
 address = {Wiesbaden},
 doi = {10.1007/978-3-8348-9900-2{\textunderscore }11}
}


@article{Laverge.2012,
 abstract = {Energy {\&} Buildings, 50 (2012) 315-323. 10.1016/j.enbuild.2012.04.005},
 author = {Laverge, J. and Janssens, A.},
 year = {2012},
 title = {Heat recovery ventilation operation traded off against natural and simple exhaust ventilation in Europe by primary energy factor, carbon dioxide emission, household consumer price and exergy},
 keywords = {carbon dioxide emission;climate;degree days;exergy;heat recovery;operating energy cost;primary energy;ventilation system},
 pages = {315--323},
 volume = {50},
 issn = {03787788},
 journal = {Energy and Buildings},
 doi = {10.1016/j.enbuild.2012.04.005}
}


@misc{Loga.102012,
 author = {Loga, Tobias and Diefenbach, Nikolaus and Stein, Britta},
 date = {10/2012},
 title = {Typology Approach for Building Stock Energy Assessment. Main Results of the TABULA project: Final Project Report: Appendix Volume},
 editor = {{Institut Wohnen und Umwelt GmbH}}
}


@book{Maas.1995,
 author = {Maas, Anton},
 year = {1995},
 title = {Experimentelle Quantifizierung des Luftwechsels von~Fensterl{\"u}ftung},
 address = {Kassel},
 publisher = {{Universit{\"a}t Gesamthochschule Kassel}}
}


@incollection{Maas.2017,
 author = {Maas, Anton},
 title = {L{\"u}ftung},
 keywords = {air flow calculation;infiltration;natural ventilation;pivot-hung window;window ventilation},
 pages = {51--60},
 publisher = {{Springer Fachmedien Wiesbaden}},
 isbn = {978-3-658-16073-9},
 editor = {H{\"a}upl, Peter and H{\"o}fker, Gerrit and Homann, Martin and K{\"o}lzow, Christian and Maas, Anton and Nocke, Christian and Riese, Olaf and Willems, Wolfgang M.},
 booktitle = {Lehrbuch der Bauphysik},
 year = {2017},
 address = {Wiesbaden},
 doi = {10.1007/978-3-658-16074-6{\textunderscore }4}
}


@article{Manz.2000,
 abstract = {DV are fitting for retrofitting use; Recuperative and regenerative ventilation unit were investigated by means of expermients and numerical simulations with reference to ventilation efficiency, thermal comfort, heat recovery, electric energy input and acoustics},
 author = {Manz, H. and Huber, H. and Sch{\"a}lin, A. and Weber, A. and Ferrazzini, M. and Studer, M.},
 year = {2000},
 title = {Performance of single room ventilation units with recuperative or regenerative heat recovery},
 keywords = {decentralized ventilation;heat recovery;performance criteria;residential ventilation},
 pages = {37--47},
 volume = {31/32},
 number = {1},
 issn = {03787788},
 journal = {Energy and Buildings}
}


@book{Milles.2011,
 author = {Milles, Uwe},
 year = {2011},
 title = {L{\"u}ften und Energiesparen},
 institution = {{FIZ Karlsruhe}}
}


@incollection{Muller.2009,
 author = {M{\"u}ller, Dirk},
 title = {Planungswerkzeuge f{\"u}r Energieeffiziente Geb{\"a}ude},
 pages = {423--432},
 volume = {77},
 publisher = {{Springer Berlin Heidelberg}},
 isbn = {978-3-540-89434-6},
 editor = {Gr{\"o}tschel, Martin and Lucas, Klaus and Mehrmann, Volker},
 booktitle = {Produktionsfaktor Mathematik},
 year = {2009},
 address = {Berlin, Heidelberg},
 doi = {10.1007/978-3-540-89435-3{\textunderscore }18}
}


@book{Oehler.2018,
 author = {Oehler, Stefan},
 year = {2018},
 title = {Emissionsfreie Geb{\"a}ude},
 address = {Wiesbaden},
 publisher = {{Springer Fachmedien Wiesbaden}},
 isbn = {978-3-658-16055-5},
 doi = {10.1007/978-3-658-16056-2}
}


@book{Pech.2006,
 abstract = {Dieser Band der Fachbuchserie 'Baukonstruktionen' tr{\"a}gt zur angemessenen und zeitgerechten Ber{\"u}cksichtigung von L{\"u}ftungs- und Klimaanlagen und Sanit{\"a}rinstallationen bei der Geb{\"a}udeplanung bei. Beschreibungen von Anlagenkomponenten und deren Funktionsweise erleichtern das Verst{\"a}ndnis f{\"u}r die Vielfalt der Kombinationsm{\"o}glichkeiten. Sie liefern Hinweise zur angemessenen Ber{\"u}cksichtigung baulicher Vorkehrungen. Die Autoren zeigen vielf{\"a}ltige technische M{\"o}glichkeiten der Rauml{\"u}ftung und bieten Entscheidungshilfen f{\"u}r den Einsatz von W{\"a}rmer{\"u}ckgewinnungsanlagen. Auszugsweise: Rechenwerte zur Grobbemessung von Entw{\"a}sserungsanlagen nach EN- Normen.},
 year = {2006},
 title = {L{\"u}ftung und Sanit{\"a}r},
 url = {http://dx.doi.org/10.1007/3-211-38042-6},
 address = {Vienna},
 volume = {16},
 publisher = {Springer-Verlag/Wien},
 isbn = {978-3-211-38042-0},
 series = {Baukonstruktionen},
 editor = {Pech, Anton and Jens, Klaus},
 doi = {10.1007/3-211-38042-6}
}


@incollection{Pech.2006b,
 author = {Pech, Anton and Jens, Klaus},
 title = {W{\"a}rmer{\"u}ckgewinnung},
 keywords = {heat recovery;regenerative heat recovery},
 publisher = {Springer-Verlag/Wien},
 isbn = {978-3-211-38042-0},
 series = {Baukonstruktionen},
 editor = {Pech, Anton and Jens, Klaus},
 booktitle = {L{\"u}ftung und Sanit{\"a}r},
 year = {2006},
 address = {Vienna}
}


@book{Pech.2012,
 year = {2012},
 title = {Bauphysik --- Erweiterung 1},
 address = {Vienna},
 publisher = {{Springer Vienna}},
 isbn = {978-3-211-89236-7},
 series = {Baukonstruktionen},
 editor = {Pech, Anton and P{\"o}hn, Christian and Pech, Anton and Bednar, Thomas and Streicher, Wolfgang},
 doi = {10.1007/978-3-211-89237-4}
}


@incollection{Pohn.2012,
 author = {P{\"o}hn, Christian and Pech, Anton and Bednar, Thomas and Streicher, Wolfgang},
 title = {Raumlufttechnikenergiebedarf},
 pages = {83--95},
 volume = {1/1},
 publisher = {{Springer Vienna}},
 isbn = {978-3-211-89236-7},
 series = {Baukonstruktionen},
 editor = {Pech, Anton and P{\"o}hn, Christian and Pech, Anton and Bednar, Thomas and Streicher, Wolfgang},
 booktitle = {Bauphysik --- Erweiterung 1},
 year = {2012},
 address = {Vienna},
 doi = {10.1007/978-3-211-89237-4{\textunderscore }6}
}


@book{Sauer.2016,
 author = {Sauer, Alexander and Bauernhansl, Thomas},
 year = {2016},
 title = {Energieeffizienz in Deutschland - eine Metastudie},
 address = {Berlin, Heidelberg},
 publisher = {{Springer Berlin Heidelberg}},
 isbn = {978-3-662-48882-9},
 doi = {10.1007/978-3-662-48883-6}
}


@incollection{Schadlich.2014,
 author = {Sch{\"a}dlich, Sylvia},
 title = {Klimatechnik},
 pages = {880--924},
 publisher = {{Springer Berlin Heidelberg}},
 isbn = {978-3-642-38890-3},
 editor = {Grote, Karl-Heinrich and Feldhusen, J{\"o}rg},
 booktitle = {Dubbel},
 year = {2014},
 address = {Berlin, Heidelberg},
 doi = {10.1007/978-3-642-38891-0{\textunderscore }82}
}


@incollection{Schild.2013,
 author = {Schild, Kai and Willems, Wolfgang M.},
 title = {L{\"u}ftung und Luftdichtheit},
 keywords = {air quality;building ventilation;CO2 concentration;decentralized ventilation;goals of ventilation;heat recovery;infiltration;infiltration calculation;Luftwechselzahlen im Winterfall;natural ventilation;pivot-hung window;regenerative heat recovery;ventilation system;window ventilation},
 pages = {253--291},
 publisher = {{Springer Fachmedien Wiesbaden}},
 isbn = {978-3-658-02570-0},
 editor = {Schild, Kai and Willems, Wolfgang M.},
 booktitle = {W{\"a}rmeschutz},
 year = {2013},
 address = {Wiesbaden},
 doi = {10.1007/978-3-658-02571-7{\textunderscore }8}
}


@book{Schild.2013b,
 year = {2013},
 title = {W{\"a}rmeschutz},
 address = {Wiesbaden},
 publisher = {{Springer Fachmedien Wiesbaden}},
 isbn = {978-3-658-02570-0},
 editor = {Schild, Kai and Willems, Wolfgang M.},
 doi = {10.1007/978-3-658-02571-7}
}


@book{Stahr.2015,
 year = {2015},
 title = {Bausanierung},
 address = {Wiesbaden},
 publisher = {{Springer Fachmedien Wiesbaden}},
 isbn = {978-3-658-07455-5},
 editor = {Stahr, Michael},
 doi = {10.1007/978-3-658-07456-2}
}


@misc{StatistischeAmterdesBundesundderLander.2014,
 author = {{Statistische {\"A}mter des Bundes und der L{\"a}nder}},
 year = {2014},
 title = {Geb{\"a}ude mit Wohnraum nach Art des Geb{\"a}udes und Baujahr (Mikrozensus-Klassen)},
 url = {https://ergebnisse.zensus2011.de/#StaticContent:00,GWZ_10_2,m,table}
}


@misc{StatistischeAmterdesBundesundderLander.2014b,
 author = {{Statistische {\"A}mter des Bundes und der L{\"a}nder}},
 year = {2014},
 title = {Geb{\"a}ude mit Wohnraum nach Art des Geb{\"a}udes, Zahl der Wohnungen und Baujahr (Mikrozensus-Klassen)},
 url = {https://ergebnisse.zensus2011.de/#StaticContent:00,GWZ_10_8,m,table}
}


@article{Suszanowicz.2018,
 abstract = {This study presents the results of research on heat loss from various types of residential buildings through ventilation systems. Experimental research was done to analyse the effectiveness of ventilation systems of different types and determine the parameters of air discharged via the ventilation ducts. A model of heat loss from the discharge of exhaust air outside through air ducts has since been developed. Experiments were conducted on three experimental systems of building ventilation: gravitational, mechanical, and supply-exhaust ventilation systems with heat recovery. The proposed model dependencies were used to chart the daily fluctuations of the optimum multiplicity of air exchange for precise control of the parameters of mechanical ventilation systems in residential buildings. This study proves that natural ventilation in residential buildings fulfils its function only by increasing the air flow into the building, and that this incurs significant heat loss from buildings during the heating season.},
 author = {Suszanowicz, Dariusz},
 year = {2018},
 title = {Optimisation of Heat Loss through Ventilation for Residential Buildings},
 keywords = {air quality;carbon dioxide concentration;heat loss;optimisation;residential building;ventilation system},
 pages = {95},
 volume = {9},
 number = {3},
 journal = {Atmosphere},
 doi = {10.3390/atmos9030095}
}


@book{vanTreeck.2016,
 abstract = {Vorwort  -- Building Information Modeling -- Die Auswirkungen von Building Information Modeling auf Planervertr{\"a}ge am Bau -- BIM f{\"u}r die Trinkwasser-Installation - Quo Vadis Systemauslegung? -- Energie - Geb{\"a}udeperformance in Planung und Betrieb optimieren -- Brandschutz -- Index



BIM ist nach dem Stufenplan f{\"u}r Deutschland {\frqq}eine kooperative Arbeitsmethodik, mit der auf der Grundlage digitaler Modelle eines Bauwerks die f{\"u}r seinen Lebenszyklus relevanten Informationen und Daten konsistent erfasst, verwaltet und in einer transparenten Kommunikation zwischen den Beteiligten ausgetauscht oder f{\"u}r die weitere Bearbeitung {\"u}bergeben werden{\flqq}. Vor diesem Hintergrund hilft virtuelles Bauen, Zeitpl{\"a}ne und Kosten einzuhalten und Risiken zu minimieren. Plan{\"a}nderungen k{\"o}nnen zeit- und kosteneffizient {\"u}ber s{\"a}mtliche Realisierungsebenen hinweg interpretations- und fehlerfrei realisiert werden. Schlie{\ss}lich profitiert das Facility Management durch die konsequente Weiternutzung der digitalen Gesamtdokumentation in der Betriebs- und Nutzungsphase. Dieses Fachbuch beschreibt den Status Quo dieser neuen Disziplin, die sich zunehmend z.B. bei {\"o}ffentlichen Ausschreibungen - auch international - zu einer verbindlichen Konvention entwickelt. In diesem Kontext werden neueste Erkenntnisse und Trends f{\"u}r die Anwendung der Methode BIM in der Praxis in den Gewerken Trinkwasser, Energie und Brandschutz reflektiert sowie auch die rechtlichen Aspekte zukunftsweisend erl{\"a}utert},
 author = {{van Treeck}, Christoph and Elixmann, Robert and Rudat, Klaus and Hiller, Sven and Herkel, Sebastian and Berger, Markus},
 year = {2016},
 title = {Geb{\"a}ude.Technik.Digital: Building Information Modeling},
 url = {http://dx.doi.org/10.1007/978-3-662-52825-9},
 keywords = {BIM Building Information Modeling;building laws;Energiemanagement},
 address = {Berlin and Heidelberg},
 publisher = {{Springer Vieweg}},
 isbn = {9783662528242},
 series = {VDI-Buch},
 doi = {10.1007/978-3-662-52825-9}
}


@article{Wang.2015,
 abstract = {Energy Procedia, 78 (2015) 1081-1086. doi:10.1016/j.egypro.2015.11.055},
 author = {Wang, Qian and Holmberg, Sture},
 year = {2015},
 title = {Combined Retrofitting with Low Temperature Heating and Ventilation Energy Savings},
 keywords = {energy saving;low temperature heating;retrofitting;simulation;ventilation system},
 pages = {1081--1086},
 volume = {78},
 issn = {18766102},
 journal = {Energy Procedia},
 doi = {10.1016/j.egypro.2015.11.055}
}


@book{Weglage.2010,
 year = {2010},
 title = {Energieausweis -- Das gro{\ss}e Kompendium},
 address = {Wiesbaden},
 publisher = {Vieweg+Teubner},
 isbn = {978-3-8348-0862-2},
 editor = {Weglage, Andreas},
 doi = {10.1007/978-3-8348-9390-1}
}


@incollection{Weglage.2010b,
 author = {Weglage, Andreas},
 title = {Geb{\"a}udetechnik},
 pages = {129--165},
 publisher = {Vieweg+Teubner},
 isbn = {978-3-8348-0862-2},
 editor = {Weglage, Andreas},
 booktitle = {Energieausweis -- Das gro{\ss}e Kompendium},
 year = {2010},
 address = {Wiesbaden},
 doi = {10.1007/978-3-8348-9390-1{\textunderscore }5}
}


@book{Weller.2012,
 year = {2012},
 title = {Denkmal und Energie},
 address = {Wiesbaden},
 publisher = {{Vieweg+Teubner Verlag}},
 isbn = {978-3-8348-1619-1},
 editor = {Weller, Bernhard and Fahrion, Marc-Steffen and Jakubetz, Sven},
 doi = {10.1007/978-3-8348-8205-9}
}


@incollection{Weller.2012b,
 author = {Weller, Bernhard and Fahrion, Marc-Steffen and Jakubetz, Sven},
 title = {Geb{\"a}udeh{\"u}lle},
 keywords = {heat loss;infiltration;natural ventilation},
 pages = {177--252},
 publisher = {{Vieweg+Teubner Verlag}},
 isbn = {978-3-8348-1619-1},
 editor = {Weller, Bernhard and Fahrion, Marc-Steffen and Jakubetz, Sven},
 booktitle = {Denkmal und Energie},
 year = {2012},
 address = {Wiesbaden},
 doi = {10.1007/978-3-8348-8205-9{\textunderscore }6}
}


@incollection{Weller.2012c,
 author = {Weller, Bernhard and Fahrion, Marc-Steffen and Jakubetz, Sven},
 title = {Geb{\"a}udetechnik},
 keywords = {efficiency;energy analysis;energy efficiency;energy performance;energy saving;mechanical ventilation},
 pages = {253--310},
 publisher = {{Vieweg+Teubner Verlag}},
 isbn = {978-3-8348-1619-1},
 editor = {Weller, Bernhard and Fahrion, Marc-Steffen and Jakubetz, Sven},
 booktitle = {Denkmal und Energie},
 year = {2012},
 address = {Wiesbaden},
 doi = {10.1007/978-3-8348-8205-9{\textunderscore }7}
}


@incollection{Weller.2012d,
 author = {Weller, Bernhard and Fahrion, Marc-Steffen and Jakubetz, Sven},
 title = {Wirtschaftlichkeit},
 keywords = {economic basics;economic evaluation;Energie{\"o}konomik},
 pages = {311--330},
 publisher = {{Vieweg+Teubner Verlag}},
 isbn = {978-3-8348-1619-1},
 editor = {Weller, Bernhard and Fahrion, Marc-Steffen and Jakubetz, Sven},
 booktitle = {Denkmal und Energie},
 year = {2012},
 address = {Wiesbaden},
 doi = {10.1007/978-3-8348-8205-9{\textunderscore }8}
}


@book{Weller.2016,
 year = {2016},
 title = {Baukonstruktion im Klimawandel},
 address = {Wiesbaden},
 publisher = {{Springer Fachmedien Wiesbaden}},
 isbn = {978-3-658-13010-7},
 editor = {Weller, Bernhard and Fahrion, Marc-Steffen and Horn, Sebastian and Naumann, Thomas and Nikolowski, Johannes},
 doi = {10.1007/978-3-658-13011-4}
}


@incollection{Weller.2016b,
 author = {Weller, Bernhard and Fahrion, Marc-Steffen and Horn, Sebastian and Naumann, Thomas and Nikolowski, Johannes},
 title = {Wirtschaftlichkeit von Anpassungsma{\ss}nahmen},
 pages = {301--333},
 publisher = {{Springer Fachmedien Wiesbaden}},
 isbn = {978-3-658-13010-7},
 editor = {Weller, Bernhard and Fahrion, Marc-Steffen and Horn, Sebastian and Naumann, Thomas and Nikolowski, Johannes},
 booktitle = {Baukonstruktion im Klimawandel},
 year = {2016},
 address = {Wiesbaden},
 doi = {10.1007/978-3-658-13011-4{\textunderscore }10}
}


@incollection{Wesselak.2017,
 author = {Wesselak, Viktor and Schabbach, Thomas and Link, Thomas and Fischer, Joachim},
 title = {Energieeffizienz},
 keywords = {efficiency;Energiemanagement;Energie{\"o}konomik;energy analysis;energy efficiency;energy performance;energy saving;investition},
 pages = {37--110},
 publisher = {{Springer Berlin Heidelberg}},
 isbn = {978-3-662-53072-6},
 editor = {Wesselak, Viktor and Schabbach, Thomas and Link, Thomas and Fischer, Joachim},
 booktitle = {Handbuch Regenerative Energietechnik},
 year = {2017},
 address = {Berlin, Heidelberg},
 doi = {10.1007/978-3-662-53073-3{\textunderscore }2}
}


@book{Wesselak.2017b,
 year = {2017},
 title = {Handbuch Regenerative Energietechnik},
 address = {Berlin, Heidelberg},
 publisher = {{Springer Berlin Heidelberg}},
 isbn = {978-3-662-53072-6},
 editor = {Wesselak, Viktor and Schabbach, Thomas and Link, Thomas and Fischer, Joachim},
 doi = {10.1007/978-3-662-53073-3}
}


@incollection{Wild.2015,
 author = {Wild, Uwe},
 title = {EnEV und Energetische Sanierung},
 pages = {85--109},
 publisher = {{Springer Fachmedien Wiesbaden}},
 isbn = {978-3-658-07455-5},
 editor = {Stahr, Michael},
 booktitle = {Bausanierung},
 year = {2015},
 address = {Wiesbaden},
 doi = {10.1007/978-3-658-07456-2{\textunderscore }3}
}


@article{ZenderSwiercz.2016,
 abstract = {Procedia Engineering, 161 (2016) 1731-1737. doi:10.1016/j.proeng.2016.08.766},
 author = {Zender-Swiercz, Ewa and Telejko, Marek},
 year = {2016},
 title = {Impact of Insulation Building on the Work of Ventilation},
 keywords = {air quality;building ventilation;CO2 concentration;thermomodernization},
 pages = {1731--1737},
 volume = {161},
 issn = {18777058},
 journal = {Procedia Engineering},
 doi = {10.1016/j.proeng.2016.08.766}
}


@book{Ziesing.2012,
 author = {Ziesing, Hans-Joachim},
 year = {2012},
 title = {Energie in Zahlen: Arbeit und Leistungen der AG Energiebilanzen},
 address = {Berlin},
 publisher = {{AG Energiebilanzen e. V}},
 isbn = {978-3-9814271-2-7}
}


